<?xml version="1.0" encoding="UTF-8"?><collection xmlns="http://www.loc.gov/MARC21/slim"><record><leader>00413nam--2200157-i-4500</leader><controlfield tag="001">000009775</controlfield><controlfield tag="002">20161230</controlfield><controlfield tag="005">20170115154200</controlfield><controlfield tag="008">060222s1000------------r-----000-0-eng-d</controlfield><datafield ind1=" " ind2=" " tag="100"><subfield code="a">Cabral, Cosata</subfield></datafield><datafield ind1=" " ind2=" " tag="245"><subfield code="a">Programmacao neat, Basic, Fortran e Algol</subfield></datafield><datafield ind1=" " ind2=" " tag="260"><subfield code="a">Oeiras</subfield><subfield code="b">Centro De Calculo Cientifico</subfield><subfield code="c">1971</subfield></datafield><datafield ind1=" " ind2=" " tag="300"><subfield code="a">336 p</subfield></datafield><datafield ind1=" " ind2=" " tag="700"><subfield code="a">Pereira, Agonia R</subfield></datafield><datafield ind1=" " ind2=" " tag="852"><subfield code="a">35335</subfield></datafield><datafield ind1=" " ind2=" " tag="CAT"><subfield code="a">SYS</subfield><subfield code="c">20170115</subfield><subfield code="h">154200</subfield></datafield></record></collection>